@article{abou03,
  title={Or-BAC: un modèle de contrôle d’accès basé sur les organisations},
  author={Abou El Kalam, Anas and El Baida, Rania and Balbiani, Philippe and Benferhat, Salem and Cuppens, Frédéric and Deswarte, Yves and Miege, Alexandre and Saurel, Claire and Trouessin, Gilles},
  journal={Cahiers francophones de la recherche en sécurité de l> information. II, 30},
  volume={43},
  year={2003}
}

@article{ahn2009discretionary,
  title={Discretionary Access Control.},
  author={Ahn, Gail-Joon and Liu, L and others},
  journal={Encyclopedia of database systems},
  volume={2009},
  pages={864--866},
  year={2009}
}

@phdthesis{abakar2012etude,
  title={Etude et mise en oeuvre d'une architecture pour l'authentification et la gestion de documents numériques certifiés: application dans le contexte des services en ligne pour le grand public},
  author={Abakar, Mahamat Ahmat},
  year={2012},
  school={Saint-Etienne}
}


@article{Vin15,
	author={Vincent Hu, D.Richard Kuhn, David Ferraiolo},
	journal={Computer},
	title={Attributes-Based Access Control},
	year={2015},
	pages={85--88},
	volume={48},
	number={2}
}

@article{standard2013extensible,
  title={extensible access control markup language (xacml) version 3.0},
  author={Standard, OASIS},
  journal={A:(22 January 2013). URl: http://docs. oasis-open. org/xacml/3.0/xacml-3.0-core-spec-os-en. html},
  year={2013}
}

@article{standard2013extensible,
  title={extensible access control markup language (xacml) version 3.0},
  author={Standard, OASIS},
  journal={A:(22 January 2013). URl: http://docs. oasis-open. org/xacml/3.0/xacml-3.0-core-spec-os-en. html},
  year={2013}
}

@phdthesis{theseBenoit,
	author={T. Azanguezet Quimatio, Laura P. Fotso},
	title={Approche hiérarchique pour la modélisation du contrôle d'accèss aux données et aux traitements dans les systèmes d'infotmation des organisation.},
	year={2016},
	
}

@inproceedings{kalam03,
  title={Organization based access control},
  author={Kalam, Anas Abou El and Baida, R El and Balbiani, Philippe and Benferhat, Salem and Cuppens, Fr{\'e}d{\'e}ric and Deswarte, Yves and Miege, Alexandre and Saurel, Claire and Trouessin, Gilles},
  booktitle={Proceedings POLICY 2003. IEEE 4th International Workshop on Policies for Distributed Systems and Networks},
  pages={120--131},
  year={2003},
  organization={IEEE}
}

@article{lindqvist06,
  title={Mandatory access control},
  author={Lindqvist, Hakan},
  journal={Master's thesis in computing science, Umea University, Department of Computing Science, SE-901},
  volume={87},
  year={2006}
}

@article{sandhu96,
  title={Role-based access control models},
   author={Sandhu, Ravi S and Coyne, Edward J and Feinstein, Hal L and Youman, Charles E},
  journal={Computer},
  volume={29},
  number={2},
  pages={38--47},
  year={1996},
  publisher={IEEE}
}

@article{ferraiolo2001proposed,
  title={Proposed NIST standard for role-based access control},
  author={Ferraiolo, David F and Sandhu, Ravi and Gavrila, Serban and Kuhn, D Richard and Chandramouli, Ramaswamy},
  journal={ACM Transactions on Information and System Security (TISSEC)},
  volume={4},
  number={3},
  pages={224--274},
  year={2001},
  publisher={ACM New York, NY, USA}
}

@article{bellettini01,
  title={Role based access control models},
  author={Bellettini, Carlo and Bertino, Elisa and Ferrari, Elena},
  journal={Information security technical report},
  volume={2},
  number={6},
  pages={21--29},
  year={2001}
}

@inproceedings{singh19,
  title={ARBAC: Attribute-enabled role based access control model},
  author={Singh, Mahendra Pratap and Sudharsan, S and Vani, M},
  booktitle={International Conference on Security \& Privacy},
  pages={97--111},
  year={2019},
  organization={Springer}
}

@inproceedings{rajpoot15,
  title={Attributes enhanced role-based access control model},
  author={Rajpoot, Qasim Mahmood and Jensen, Christian Damsgaard and Krishnan, Ram},
  booktitle={International Conference on Trust and Privacy in Digital Business},
  pages={3--17},
  year={2015},
  organization={Springer}
}

@online{ref,
  author={},
  title={},
  month={},
  year={},
  note={\url{}},
}

@article{sandhu94,
  title={Access control: principle and practice},
  author={Sandhu, Ravi S and Samarati, Pierangela},
  journal={IEEE communications magazine},
  volume={32},
  number={9},
  pages={40--48},
  year={1994},
  publisher={IEEE}
}

@article{hu2013guide,
  title={Guide to attribute based access control (abac) definition and considerations (draft)},
  author={Hu, Vincent C and Ferraiolo, David and Kuhn, Rick and Friedman, Arthur R and Lang, Alan J and Cogdell, Margaret M and Schnitzer, Adam and Sandlin, Kenneth and Miller, Robert and Scarfone, Karen and others},
  journal={NIST special publication},
  volume={800},
  number={162},
  pages={1--54},
  year={2013},
  publisher={Citeseer}
}

@inproceedings{samarati00,
  title={Access control: Policies, models, and mechanisms},
  author={Samarati, Pierangela and Vimercati, Sabrina Capitani de},
  booktitle={International School on Foundations of Security Analysis and Design},
  pages={137--196},
  year={2000},
  organization={Springer}
}

@article{tolone2005access,
  title={Access control in collaborative systems},
  author={Tolone, William and Ahn, Gail-Joon and Pai, Tanusree and Hong, Seng-Phil},
  journal={ACM Computing Surveys (CSUR)},
  volume={37},
  number={1},
  pages={29--41},
  year={2005},
  publisher={ACM New York, NY, USA}
}

@inproceedings{bugiel2013flexible,
  title={Flexible and fine-grained mandatory access control on android for diverse security and privacy policies},
  author={Bugiel, Sven and Heuser, Stephen and Sadeghi, Ahmad-Reza},
  booktitle={22nd USENIX Security Symposium (USENIX Security 13)},
  pages={131--146},
  year={2013}
}

@inproceedings{rjaibi04,
  title={A multi-purpose implementation of mandatory access control in relational database management systems},
  author={Rjaibi, Walid and Bird, Paul},
  booktitle={Proceedings of the Thirtieth international conference on Very large data bases-Volume 30},
  pages={1010--1020},
  year={2004}
}

@phdthesis{jensen1999modele,
  title={Un modèle de contrôle d'accès générique et sa réalisation dans la mémoire virtuelle répartie unique Arias},
  author={Jensen, Christian Damsgaard},
  year={1999},
  school={Université Joseph-Fourier-Grenoble I}
}